<?xml version="1.0" encoding="UTF-8"?>
<record xmlns="http://www.loc.gov/MARC21/slim" xmlns:xsi="http://www.w3.org/2001/XMLSchema-instance" xsi:schemaLocation="http://www.loc.gov/MARC21/slim http://www.loc.gov/standards/marcxml/schema/MARC21slim.xsd">
<leader>     cam a2200289 a 4500</leader>
<controlfield tag="001">001679479</controlfield>
<controlfield tag="003">NNU</controlfield>
<controlfield tag="005">19980221201353.0</controlfield>
<controlfield tag="008">940312s1900    ua            000 0 arar</controlfield>
<datafield tag="010" ind1=" " ind2=" ">
<subfield code="a">75586790 /NE</subfield>
</datafield>
<datafield tag="035" ind1="9" ind2=" ">
<subfield code="a">NYUb12222871</subfield>
</datafield>
<datafield tag="035" ind1=" " ind2=" ">
<subfield code="a">(CU)GLAD100907996</subfield>
</datafield>
<datafield tag="035" ind1=" " ind2=" ">
<subfield code="a">(CStRLIN)CUBGGLAD100907996-B</subfield>
</datafield>
<datafield tag="040" ind1=" " ind2=" ">
<subfield code="a">DLC</subfield>
<subfield code="c">InU</subfield>
<subfield code="d">InU</subfield>
<subfield code="d">CU</subfield>
</datafield>
<datafield tag="043" ind1=" " ind2=" ">
<subfield code="a">a------</subfield>
<subfield code="a">f------</subfield>
</datafield>
<datafield tag="050" ind1=" " ind2=" ">
<subfield code="a">HF406</subfield>
<subfield code="b">.D55</subfield>
</datafield>
<datafield tag="100" ind1="1" ind2=" ">
<subfield code="a">Dimashqī, Jaʻfar ibn ʻAlī,</subfield>
<subfield code="d">12th cent.</subfield>
</datafield>
<datafield tag="240" ind1="1" ind2="0">
<subfield code="a">Ishārah ilá maḥāsin al-tijārah</subfield>
</datafield>
<datafield tag="245" ind1="1" ind2="0">
<subfield code="a">Kitāb al-Ishārah ilá maḥāsin al-tijārah wa-maʻrifat jayyid al-aʻrāḍ wa-radīhā wa-ghushūsh al-mudallisīn fīhā /</subfield>
<subfield code="c">taʼlīf Abī al-Faḍl Jaʻfar ibn ʻAlī al-Dimashqī.</subfield>
</datafield>
<datafield tag="260" ind1=" " ind2=" ">
<subfield code="a">[Cairo] :</subfield>
<subfield code="b">Maṭbaʻat al-Muʼayyad,</subfield>
<subfield code="c">1318 [1900-1901]</subfield>
</datafield>
<datafield tag="300" ind1=" " ind2=" ">
<subfield code="a">76 p. ;</subfield>
<subfield code="c">26 cm.</subfield>
</datafield>
<datafield tag="500" ind1=" " ind2=" ">
<subfield code="a">Cover title.</subfield>
</datafield>
<datafield tag="650" ind1=" " ind2="0">
<subfield code="a">Commerce.</subfield>
</datafield>
<datafield tag="651" ind1=" " ind2="0">
<subfield code="a">Islamic Empire</subfield>
<subfield code="x">Commerce.</subfield>
</datafield>
<datafield tag="740" ind1="0" ind2=" ">
<subfield code="a">Ishārah ilá maḥāsin al-tijārah.</subfield>
</datafield>
<datafield tag="OWN" ind1=" " ind2=" ">
<subfield code="a">GENERAL</subfield>
</datafield>
<datafield tag="950" ind1=" " ind2=" ">
<subfield code="l">BMAIN</subfield>
<subfield code="a">HF406</subfield>
<subfield code="b">.D55</subfield>
</datafield>
<datafield tag="955" ind1=" " ind2=" ">
<subfield code="l">BMAIN</subfield>
<subfield code="c">1</subfield>
<subfield code="r">013878494</subfield>
</datafield>
<datafield tag="998" ind1=" " ind2=" ">
<subfield code="s">9115</subfield>
</datafield>
<datafield tag="AVA" ind1=" " ind2=" ">
<subfield code="a">NYU50</subfield>
<subfield code="b">BOBST</subfield>
<subfield code="c">Main Collection</subfield>
<subfield code="d">HF406 .D55</subfield>
<subfield code="e">unavailable</subfield>
<subfield code="t">Unavailable</subfield>
<subfield code="f">1</subfield>
<subfield code="g">1</subfield>
<subfield code="h">N</subfield>
<subfield code="i">0</subfield>
<subfield code="j">MAIN</subfield>
<subfield code="k">0</subfield>
</datafield>
</record>
